% Encoding: UTF-8

@book{lamport94,
  author = {Leslie Lamport},
  edition = {Second},
  note = {User's Guide and Reference Manual},
  publisher = {Addison-Wesley},
  title = {\LaTeX\ -- A Document Preparation System},
  year = {1994}
}

@Book{anderson2020security,
	author    = {Anderson, Ross},
	publisher = {John Wiley \& Sons},
	title     = {Security engineering: a guide to building dependable distributed systems},
	year      = {2020},
	subtitle  = {A Guide to Building Dependable Distributed Systems},
}

@Book{chapple2018isc,
	author    = {Chapple, Mike and Stewart, James Michael and Gibson, Darril},
	publisher = {John Wiley \& Sons},
	title     = {(ISC) 2 CISSP Certified Information Systems Security Professional Official Study Guide},
	year      = {2018},
	subtitle  = {Certified Information Systems Security Professional Study Guide},
}

@Misc{lunkeit2016vorgehensmodell,
	author    = {Lunkeit, Armin and Zimmer, Wolf},
	title     = {{Ein} {Vorgehensmodell} f\"ur die {Entwicklung} sicherer {Software}},
	year      = {2016},
	groups    = {Security, Design},
	pages     = {185-257},
	publisher = {P. Schartner (Hrsg.), DACH Security 2016 · syssec (2016) 339-349},
}

@Book{talbot2013using,
  author    = {Talbot, Nicola},
  publisher = {Dickimaw Books},
  title     = {Using LaTex to Write a PhD Thesis},
  year      = {2013},
}

@TechReport{IECTS63134,
	author      = {{International Electrotechnical Commission}},
	institution = {{International Electrotechnical Commission}},
	title       = {{Active assisted living (AAL) use cases}},
	year        = {2020},
	address     = {Geneva, CH},
	type        = {Standard},
	key         = {IEC TS 63134:2020},
	pages       = {111-134},
}

@TechReport{IEC63240-1,
	author      = {{International Electrotechnical Commission}},
	institution = {{International Electrotechnical Commission}},
	title       = {{Active assisted living (AAL) reference architecture and architecture model - Part 1: Reference architecture.}},
	year        = {2020},
	address     = {Geneva, CH},
	type        = {Standard},
	key         = {IEC 63240-1:2020},
	volume      = {20},
}

@TechReport{IEC63240-2,
	author      = {{International Electrotechnical Commission}},
	institution = {{International Electrotechnical Commission}},
	title       = {{Active assisted living (AAL) reference architecture and architecture model - Part 2: Architecture model.}},
	year        = {2020},
	address     = {Geneva, CH},
	type        = {Standard},
	key         = {IEC 63240-2:2020},
	volume      = {20},
}

@Misc{un2019population,
	author    = {{United Nations}},
	title     = {{World Population Agening 2019 (ST/ESA/SER.A/444)}},
	year      = {2020},
	publisher = {United Nations Department of Economic and Social Affairs, Population Division},
}

@TechReport{ISO27005,
	author      = {{International Organization for Standardization}},
	institution = {International Organization for Standardization},
	title       = {Information technology — Security techniques — Information security risk management},
	year        = {2018},
	address     = {Geneva, CH},
	type        = {Standard},
	key         = {ISO/IEC 27005:2018},
	pages       = {59-78},
	volume      = {29},
}

@inproceedings{colmant:hal-01130030,
	TITLE = {{Process-level Power Estimation in VM-based Systems}},
	AUTHOR = {Colmant, Maxime and Kurpicz, Mascha and Felber, Pascal and Huertas, Lo{\"i}c and Rouvoy, Romain and Sobe, Anita},
	URL = {https://hal.inria.fr/hal-01130030},
	BOOKTITLE = {{European Conference on Computer Systems (EuroSys)}},
	ADDRESS = {Bordeaux, France},
	EDITOR = {Tim Harris and Maurice Herlihy},
	PUBLISHER = {{ACM}},
	SERIES = {EuroSys'15: Proceedings of the Tenth European Conference on Computer Systems},
	PAGES = {14},
	YEAR = {2015},
	MONTH = Apr,
	DOI = {10.1145/2741948.2741971},
	KEYWORDS = {Virtual Environment ; Middleware toolkit ; Operating system ; Power Consumption},
	PDF = {https://hal.inria.fr/hal-01130030/file/paper.pdf},
	HAL_ID = {hal-01130030},
	HAL_VERSION = {v1},
}

@inproceedings{fieni:hal-02470128,
	TITLE = {{SmartWatts: Self-Calibrating Software-Defined Power Meter for Containers}},
	AUTHOR = {Fieni, Guillaume and Rouvoy, Romain and Seinturier, Lionel},
	URL = {https://hal.inria.fr/hal-02470128},
	BOOKTITLE = {{CCGRID 2020 - 20th IEEE/ACM International Symposium on Cluster, Cloud and Internet Computing}},
	ADDRESS = {Melbourne, Australia},
	YEAR = {2020},
	MONTH = May,
	DOI = {10.1109/CCGrid49817.2020.00-45},
	KEYWORDS = {powerapi ; containers ; Power model ; energy},
	PDF = {https://hal.inria.fr/hal-02470128/file/smartwatts-paper.pdf},
	HAL_ID = {hal-02470128},
	HAL_VERSION = {v1},
}

@INPROCEEDINGS{8705815,
	
	author={Townend, Paul and Clement, Stephen and Burdett, Dan and Yang, Renyu and Shaw, Joe and Slater, Brad and Xu, Jie},
	
	booktitle={2019 IEEE International Conference on Service-Oriented System Engineering (SOSE)}, 
	
	title={Invited Paper: Improving Data Center Efficiency Through Holistic Scheduling In Kubernetes}, 
	
	year={2019},
	
	volume={},
	
	number={},
	
	pages={156-15610},
	
	doi={10.1109/SOSE.2019.00030}
}




@Comment{jabref-meta: databaseType:bibtex;}
